@ARTICLE{Loredo1995,
       author = {{Loredo}, Thomas J. and {Wasserman}, Ira M.},
        title = "{Inferring the Spatial and Energy Distribution of Gamma-Ray Burst
        Sources. I. Methodology}",
      journal = {The Astrophysical Journal Supplement Series},
     keywords = {Bayes Theorem, Data Processing, Data Reduction, Energy Distribution,
        Gamma Ray Bursts, Spatial Distribution, Astronomical Catalogs,
        Photon Density, Astronomy, METHODS: DATA ANALYSIS, METHODS:
        STATISTICAL, GAMMA RAYS: BURSTS},
         year = 1995,
        month = Jan,
       volume = {96},
        pages = {261},
          doi = {10.1086/192119},
       adsurl = {https://ui.adsabs.harvard.edu/#abs/1995ApJS...96..261L},
      adsnote = {Provided by the SAO/NASA Astrophysics Data System}
}

@ARTICLE{Farr2015,
       author = {{Farr}, Will M. and {Gair}, Jonathan R. and {Mandel}, Ilya and {Cutler},
        Curt},
        title = "{Counting and confusion: Bayesian rate estimation with multiple
        populations}",
      journal = {\prd},
     keywords = {95.75.Pq, 02.50.Tt, 02.70.Rr, 04.30.Tv, Mathematical procedures and
        computer techniques, Inference methods, General statistical
        methods, Gravitational-wave astrophysics, Astrophysics -
        Instrumentation and Methods for Astrophysics},
         year = 2015,
        month = Jan,
       volume = {91},
          eid = {023005},
        pages = {023005},
          doi = {10.1103/PhysRevD.91.023005},
archivePrefix = {arXiv},
       eprint = {1302.5341},
 primaryClass = {astro-ph.IM},
       adsurl = {https://ui.adsabs.harvard.edu/#abs/2015PhRvD..91b3005F},
      adsnote = {Provided by the SAO/NASA Astrophysics Data System}
}

@ARTICLE{Hogg2010,
       author = {{Hogg}, David W. and {Myers}, Adam D. and {Bovy}, Jo},
        title = "{Inferring the Eccentricity Distribution}",
      journal = {\apj},
     keywords = {binaries: general, methods: data analysis, methods: statistical,
        planetary systems, planets and satellites: fundamental
        parameters, stars: kinematics and dynamics, Astrophysics - Solar
        and Stellar Astrophysics, Astrophysics - Earth and Planetary
        Astrophysics, Astrophysics - Instrumentation and Methods for
        Astrophysics, Physics - Data Analysis, Statistics and
        Probability},
         year = 2010,
        month = Dec,
       volume = {725},
        pages = {2166-2175},
          doi = {10.1088/0004-637X/725/2/2166},
archivePrefix = {arXiv},
       eprint = {1008.4146},
 primaryClass = {astro-ph.SR},
       adsurl = {https://ui.adsabs.harvard.edu/#abs/2010ApJ...725.2166H},
      adsnote = {Provided by the SAO/NASA Astrophysics Data System}
}

@ARTICLE{Foreman-Mackey2014,
       author = {{Foreman-Mackey}, Daniel and {Hogg}, David W. and {Morton}, Timothy D.},
        title = "{Exoplanet Population Inference and the Abundance of Earth Analogs from
        Noisy, Incomplete Catalogs}",
      journal = {\apj},
     keywords = {catalogs, methods: data analysis, methods: statistical, planetary
        systems, stars: statistics, Astrophysics - Earth and Planetary
        Astrophysics, Astrophysics - Instrumentation and Methods for
        Astrophysics},
         year = 2014,
        month = Nov,
       volume = {795},
          eid = {64},
        pages = {64},
          doi = {10.1088/0004-637X/795/1/64},
archivePrefix = {arXiv},
       eprint = {1406.3020},
 primaryClass = {astro-ph.EP},
       adsurl = {https://ui.adsabs.harvard.edu/#abs/2014ApJ...795...64F},
      adsnote = {Provided by the SAO/NASA Astrophysics Data System}
}

@INPROCEEDINGS{Loredo2004,
       author = {{Loredo}, Thomas J. and {Fischer}, Rainer and {Preuss}, Roland and
        {Toussaint}, Udo Von},
        title = "{Accounting for Source Uncertainties in Analyses of Astronomical Survey
        Data}",
     keywords = {02.50.Tt, 95.80.+p, Inference methods, Astronomical catalogs atlases sky
        surveys databases retrieval systems archives etc., Astrophysics,
        Physics - Data Analysis, Statistics and Probability},
    booktitle = {American Institute of Physics Conference Series},
         year = 2004,
       volume = {735},
        month = Nov,
        pages = {195-206},
          doi = {10.1063/1.1835214},
archivePrefix = {arXiv},
       eprint = {astro-ph/0409387},
 primaryClass = {astro-ph},
       adsurl = {https://ui.adsabs.harvard.edu/#abs/2004AIPC..735..195L},
      adsnote = {Provided by the SAO/NASA Astrophysics Data System}
}

@ARTICLE{Mandel2010,
       author = {{Mandel}, Ilya},
        title = "{Parameter estimation on gravitational waves from multiple coalescing
        binaries}",
      journal = {\prd},
     keywords = {04.30.Tv, 02.50.Ng, 07.05.Kf, 95.85.Sz, Gravitational-wave astrophysics,
        Distribution theory and Monte Carlo studies, Data analysis:
        algorithms and implementation, data management, Gravitational
        radiation magnetic fields and other observations, Astrophysics -
        High Energy Astrophysical Phenomena, Astrophysics - Cosmology
        and Extragalactic Astrophysics, Astrophysics - Instrumentation
        and Methods for Astrophysics, General Relativity and Quantum
        Cosmology, Physics - Data Analysis, Statistics and Probability},
         year = 2010,
        month = Apr,
       volume = {81},
          eid = {084029},
        pages = {084029},
          doi = {10.1103/PhysRevD.81.084029},
archivePrefix = {arXiv},
       eprint = {0912.5531},
 primaryClass = {astro-ph.HE},
       adsurl = {https://ui.adsabs.harvard.edu/#abs/2010PhRvD..81h4029M},
      adsnote = {Provided by the SAO/NASA Astrophysics Data System}
}

@ARTICLE{O1-BBH,
       author = {{Abbott}, B.~P. and {Abbott}, R. and {Abbott}, T.~D. and {Abernathy},
        M.~R. and {Acernese}, F. and {Ackley}, K. and {Adams}, C. and
        {Adams}, T. and {Addesso}, P. and {Adhikari}, R.~X. and {Adya},
        V.~B. and {Affeldt}, C. and {Agathos}, M. and {Agatsuma}, K. and
        {Aggarwal}, N. and {Aguiar}, O.~D. and {Aiello}, L. and {Ain},
        A. and {Ajith}, P. and {Allen}, B. and {Allocca}, A. and
        {Altin}, P.~A. and {Anderson}, S.~B. and {Anderson}, W.~G. and
        {Arai}, K. and {Araya}, M.~C. and {Arceneaux}, C.~C. and
        {Areeda}, J.~S. and {Arnaud}, N. and {Arun}, K.~G. and
        {Ascenzi}, S. and {Ashton}, G. and {Ast}, M. and {Aston}, S.~M.
        and {Astone}, P. and others},
        title = "{Binary Black Hole Mergers in the First Advanced LIGO Observing Run}",
      journal = {Physical Review X},
     keywords = {General Relativity and Quantum Cosmology, Astrophysics - Cosmology and
        Nongalactic Astrophysics},
         year = 2016,
        month = Oct,
       volume = {6},
          eid = {041015},
        pages = {041015},
          doi = {10.1103/PhysRevX.6.041015},
       adsurl = {https://ui.adsabs.harvard.edu/#abs/2016PhRvX...6d1015A},
      adsnote = {Provided by the SAO/NASA Astrophysics Data System}
}

@TECHREPORT{Mandel2016,
 author = {Ilya Mandel and Will M. Farr and Jonathan R. Gair},
 title = {Extracting distribution parameters from multiple uncertain observations with selection biases},
 number = {LIGO-P1600187},
 institution = {LIGO},
 url = {https://dcc.ligo.org/LIGO-P1600187/public},
 year = {2016}
 }

 @ARTICLE{Fishbach2018,
       author = {{Fishbach}, Maya and {Holz}, Daniel E. and {Farr}, Will M.},
        title = "{Does the Black Hole Merger Rate Evolve with Redshift?}",
      journal = {ArXiv e-prints},
     keywords = {Astrophysics - High Energy Astrophysical Phenomena, General Relativity
        and Quantum Cosmology},
         year = 2018,
        month = May,
          eid = {arXiv:1805.10270},
        pages = {arXiv:1805.10270},
archivePrefix = {arXiv},
       eprint = {1805.10270},
       adsurl = {https://ui.adsabs.harvard.edu/#abs/2018arXiv180510270F},
      adsnote = {Provided by the SAO/NASA Astrophysics Data System}
}

@ARTICLE{Youdin2011,
       author = {{Youdin}, Andrew N.},
        title = "{The Exoplanet Census: A General Method Applied to Kepler}",
      journal = {\apj},
     keywords = {methods: statistical, planetary systems, planets and satellites:
        detection, planets and satellites: dynamical evolution and
        stability, planets and satellites: formation, Astrophysics -
        Earth and Planetary Astrophysics, Astrophysics - Solar and
        Stellar Astrophysics},
         year = 2011,
        month = Nov,
       volume = {742},
          eid = {38},
        pages = {38},
          doi = {10.1088/0004-637X/742/1/38},
archivePrefix = {arXiv},
       eprint = {1105.1782},
 primaryClass = {astro-ph.EP},
       adsurl = {https://ui.adsabs.harvard.edu/#abs/2011ApJ...742...38Y},
      adsnote = {Provided by the SAO/NASA Astrophysics Data System}
}
